<?xml version="1.0" encoding="UTF-8"?><record xmlns="http://www.loc.gov/MARC21/slim" xmlns:cinclude="http://apache.org/cocoon/include/1.0" xmlns:zs="http://www.loc.gov/zing/srw/">
  <leader>00587cz  a2200145n  4500</leader>
  <controlfield tag="001">n 2008021819</controlfield>
  <controlfield tag="003">DLC</controlfield>
  <controlfield tag="005">20080327075039.0</controlfield>
  <controlfield tag="008">080326n| acannaabn          |n aaa      </controlfield>
  <datafield tag="010" ind1=" " ind2=" ">
    <subfield code="a">n 2008021819</subfield>
  </datafield>
  <datafield tag="040" ind1=" " ind2=" ">
    <subfield code="a">DLC</subfield>
    <subfield code="b">eng</subfield>
    <subfield code="c">DLC</subfield>
  </datafield>
  <datafield tag="100" ind1="1" ind2=" ">
    <subfield code="a">Dixon, David Dippie,</subfield>
    <subfield code="d">1842-1929</subfield>
  </datafield>
  <datafield tag="670" ind1=" " ind2=" ">
    <subfield code="a">Dixon, David Dippie. Upper Coquetdale, Northumberland, 1974</subfield>
    <subfield code="b">(main entry on record: Dixon, David Dippie)</subfield>
  </datafield>
  <datafield tag="670" ind1=" " ind2=" ">
    <subfield code="a">LC database, Mar. 26, 2008</subfield>
    <subfield code="b">(hdg.: Dixon, David Dippie)</subfield>
  </datafield>
  <datafield tag="670" ind1=" " ind2=" ">
    <subfield code="a">Frodsham, P. In the valley of the sacred mountain, 2006:</subfield>
    <subfield code="b">p. 14, etc. (b. Sept. 1, 1842 at Whittingham, England; d. 1929)</subfield>
  </datafield>
</record>